<record><leader>00000cas a22000007i 4500</leader><controlfield tag="001">953828325</controlfield><controlfield tag="008">160721c20169999gauwr n       0   a0eng  </controlfield><datafield ind1=" " ind2=" " tag="010"><subfield code="a">  2016202789</subfield></datafield><datafield ind1=" " ind2=" " tag="040"><subfield code="a">DLC</subfield><subfield code="e">rda</subfield><subfield code="c">DLC</subfield><subfield code="b">eng</subfield><subfield code="d">DLC</subfield><subfield code="d">OCLCO</subfield><subfield code="d">OCLCF</subfield></datafield><datafield ind1=" " ind2=" " tag="012"><subfield code="m">1</subfield></datafield><datafield ind1="0" ind2=" " tag="022"><subfield code="a">2473-5051</subfield><subfield code="2">1</subfield></datafield><datafield ind1=" " ind2=" " tag="032"><subfield code="a">534160</subfield><subfield code="b">USPS</subfield></datafield><datafield ind1=" " ind2=" " tag="037"><subfield code="b">114B N. Main St., Reidsville, GA 30453-0278</subfield></datafield><datafield ind1=" " ind2=" " tag="042"><subfield code="a">nsdp</subfield><subfield code="a">pcc</subfield></datafield><datafield ind1="1" ind2="0" tag="050"><subfield code="a">ISSN RECORD</subfield></datafield><datafield ind1="1" ind2="0" tag="082"><subfield code="a">071</subfield><subfield code="2">23</subfield></datafield><datafield ind1=" " ind2="4" tag="222"><subfield code="a">The journal sentinel</subfield></datafield><datafield ind1="0" ind2="0" tag="245"><subfield code="a">The journal sentinel.</subfield></datafield><datafield ind1="1" ind2=" " tag="246"><subfield code="a">Tattnall journal sentinel</subfield></datafield><datafield ind1=" " ind2="1" tag="264"><subfield code="a">Reidsville, GA :</subfield><subfield code="b">The Journal Sentinel,</subfield><subfield code="c">2016-</subfield></datafield><datafield ind1=" " ind2=" " tag="310"><subfield code="a">Weekly</subfield></datafield><datafield ind1=" " ind2=" " tag="336"><subfield code="a">text</subfield><subfield code="b">txt</subfield><subfield code="2">rdacontent</subfield></datafield><datafield ind1=" " ind2=" " tag="337"><subfield code="a">unmediated</subfield><subfield code="b">n</subfield><subfield code="2">rdamedia</subfield></datafield><datafield ind1=" " ind2=" " tag="338"><subfield code="a">volume</subfield><subfield code="b">nc</subfield><subfield code="2">rdacarrier</subfield></datafield><datafield ind1="1" ind2=" " tag="362"><subfield code="a">Began with Volume 137, Number 26 (June 30, 2016)?</subfield></datafield><datafield ind1=" " ind2=" " tag="588"><subfield code="a">Description based on: Volume 137, Number 26 (June 30, 2016) (surrogate); title from caption.</subfield></datafield><datafield ind1=" " ind2=" " tag="588"><subfield code="a">Latest issue consulted: Volume 137, Number 26 (June 30, 2016) (surrogate).</subfield></datafield><datafield ind1=" " ind2="0" tag="651"><subfield code="a">Reidsville (Ga.)</subfield><subfield code="v">Newspapers.</subfield></datafield><datafield ind1=" " ind2="0" tag="651"><subfield code="a">Tattnall County (Ga.)</subfield><subfield code="v">Newspapers.</subfield></datafield><datafield ind1=" " ind2="7" tag="655"><subfield code="a">Newspapers.</subfield><subfield code="2">fast</subfield><subfield code="0">(OCoLC)fst01423814</subfield></datafield><datafield ind1=" " ind2="7" tag="651"><subfield code="a">Georgia</subfield><subfield code="z">Reidsville.</subfield><subfield code="2">fast</subfield><subfield code="0">(OCoLC)fst01217543</subfield></datafield><datafield ind1=" " ind2="7" tag="651"><subfield code="a">Georgia</subfield><subfield code="z">Tattnall County.</subfield><subfield code="2">fast</subfield><subfield code="0">(OCoLC)fst01209323</subfield></datafield><datafield ind1="0" ind2="0" tag="780"><subfield code="t">Tattnall journal</subfield><subfield code="w">(DLC)sn 89053579</subfield><subfield code="w">(OCoLC)19749656</subfield></datafield><datafield ind1="4" ind2="2" tag="856"><subfield code="u">http://www.tallnalljs.com</subfield></datafield></record>